@techreport{Armbrust:EECS-2009-28,
  Author =	 {Armbrust, Michael and Fox, Armando and Griffith,
                  Rean and Joseph, Anthony D. and Katz, Randy H. and
                  Konwinski, Andrew and Lee, Gunho and Patterson,
                  David A. and Rabkin, Ariel and Stoica, Ion and
                  Zaharia, Matei},
  Title =	 {{Above the Clouds: A Berkeley View of Cloud
                  Computing}},
  Institution =	 {EECS Department, University of California, Berkeley},
  Year =	 {2009},
  Month =	 {Feb},
  URL =
                  {http://www.eecs.berkeley.edu/Pubs/TechRpts/2009/EECS-2009-28.html},
  Number =	 {UCB/EECS-2009-28}
}