WARNING!!! DO NOT EDIT THIS FILE! This file is generated by build.js

@techreport{Armbrust:EECS-2009-28,
    Author = {Armbrust, Michael and Fox, Armando and Griffith,
        Rean and Joseph, Anthony D. and Katz, Randy H. and
        Konwinski, Andrew and Lee, Gunho and Patterson,
        David A. and Rabkin, Ariel and Stoica, Ion and
        Zaharia, Matei},
    Title = {{Above the Clouds: A Berkeley View of Cloud Computing}},
    Institution = {EECS Department, University of California, Berkeley},
    Year = {2009},
    Month = {Feb},
    URL = {http://www.eecs.berkeley.edu/Pubs/TechRpts/2009/EECS-2009-28.html},
    Number = {UCB/EECS-2009-28}
}

@InProceedings{ecmfa4clouda,
    title = {{Towards CloudML, a Model-based Approach to Provision Resources in the Clouds} (submitted)},
    author = {{\bf Eirik Brandtz{\ae{}}g} and S{\'e}bastien Mosser
        and Parastoo Mohagheghi},
    year = 2012,
    booktitle = {Workshop on Model-Driven Engineering on and for the
        Cloud (CloudMDE 2012), co-located with ECMFA'12},
    address = {Lyngby, Danemark},
    month = jul,
    days = {2-5 july},
    organization = {Springer LNCS},
    lang = {english},
    sorte = {colin}
}

@TechReport{remics_4_1,
  title = {{Platform Independent Model for Cloud (PIM4Cloud)}},
  author = {Benguria, Gorka and Sadovykh, Andrey and 
    Mosser, S{\'e}bastien and Abherv{\'e},
    Antonin and {\bf Bradtz{\ae}g, Eirik}},
  month = mar,
  year = 2012,
  address = {},
  institution = {EU FP7 REMICS},
  number = {{D-4.1}},
  pages = {1-42}
}

@InProceedings{cloud12,
  title = {{Towards a Domain-Specific Language to Deploy Applications in the Clouds}},
  author = {{\bf Eirik Brandtz{\ae{}}g} and Parastoo Mohagheghi and
  S{\'e}bastien Mosser},
  year = 2012,
  booktitle = {Third International Conference on Cloud Computing,
    (CLOUD'12)},
  address = {},
  month = jul,
  lang = {english},
  sorte = {colin}
}

@InProceedings{mosser-brandtz√¶g-etal:2011,
    title = {{Cloud-Computing: from Revolution to Evolution} (published)},
    author = {Mosser, S{\'e}bastien and {\bf Brandtz\ae{}g, Eirik} and Mohagheghi, Parastoo},
    year = 2011,
    booktitle = {BElgian-NEtherlands software eVOLution seminar~(BENEVOL'11), workshop: (extended abstract)},
    series = {{}},
    address = {Brussels, Belgium},
    month = dec,
    days = {8-9 december},
    organization = {VUB},
    pages = {1-2},
    lang = {english},
    isbn = {},
    url = {},
    sorte = {colsa}
}

@misc{BankManager,
    author = {Eirik Brandtz{\ae}g},
    title = {Bank Manager},
    year = 2012,
    url = {https://github.com/eirikb/grails-bank-example}
}

@misc{Grails,
    author = {SpringSource},
    title = {Grails},
    year = 2012,
    url = {http://grails.org}
}

@misc{cloudml-engine,
    author = {Eirik Brandtz{\ae}g},
    title = {cloudml-engine},
    year = 2012,
    url = {https://github.com/eirikb/cloudml-engine}
}

@misc{aws,
    author = {Amazon},
    title = {Amazon Web Services},
    year = 2012,
    url = {http://aws.amazon.com}
}

@misc{applogic,
    author = {CA},
    title = {AppLogic},
    year = 2012,
    url = {http://www.3tera.com/AppLogic}
}

@misc{libcloud,
    author = {Apache},
    title = {Libcloud},
    year = 2012,
    url = {http://libcloud.apache.org}
}

@misc{jclouds,
    author = {jclouds},
    title = {jclouds},
    year = 2012,
    url = {http://jclouds.org}
}

@misc{opa,
    author = {MLState},
    title = {Opa},
    year = 2012,
    url = {http://opalang.org}
}

@misc{whirr,
    author = {Apache},
    title = {Whirr},
    year = 2012,
    url = {http://whirr.apache.org}
}

@misc{deltacloud,
    author = {Apache},
    title = {Deltacloud},
    year = 2012,
    url = {http://deltacloud.apache.org}
}

@misc{rackspace,
    author = {Rackspace},
    title = {Rackspace Cloud},
    year = 2012,
    url = {http://www.rackspace.com/cloud}
}

@misc{mosaic,
    author = {mOSAIC},
    title = {mOSAIC},
    year = 2012,
    url = {http://www.mosaic-cloud.eu/}
}

@misc{cloudbees-cloudml-engine,
    author = {CloudBees},
    title = {CloudBees cloudml-engine repository},
    year = 2012,
    url = {https://repository-eirikb.forge.cloudbees.com/release/}
}

@misc{madeiracloud,
    author = {Madeira},
    title = {MadeiraCloud},
    year = 2012,
    url = {http://www.madeiracloud.com}
}

@misc{recovery,
    author = {U.S. Government},
    title = {Recovery},
    year = 2012,
    url = {http://www.recovery.gov}
}
@INPROCEEDINGS{evaluation:ilham11,
  author={Ilham, A.A. and Murakami, K.}, 
  booktitle={{Electrical Engineering and Informatics (ICEEI), 2011 
    International Conference on}}, 
  title={{Evaluation and optimization of Java object ordering schemes}}, 
  year={2011}, 
  month={july}, 
  pages={1 -6}, 
  keywords={DTLB performance;Java application execution time;Java 
    application performance;Java object or
    dering scheme;Java virtual machine;access object;bread first 
    scheme;cache performance;depth first scheme;g
    arbage collector;heap object;memory management;mutate object;software 
    development;Java;object-oriented pro
    gramming;storage management;virtual machines;}, 
  doi={10.1109/ICEEI.2011.6021558}, 
  ISSN={2155-6822}
}

@article{aws:varia10,
  title={{Architecting for the Cloud : Best Practices}},
  volume={1},
  number={January},
  journal={Compute},
  publisher={Technical report, Amazon, 2010},
  author={Varia, Jinesh},
  year={2010},
  pages={1--23}
}

@article{nist:mell11,
  title={{The NIST Definition of Cloud Computing 
    Recommendations of the National Institute of Standards and 
    Technology}}, 
  volume={145}, 
  url={http://csrc.nist.gov/publications/drafts/800-145/Draft-SP-800-145_cloud-definition.pdf}, 
  number={6}, 
  journal={Nist Special Publication}, 
  publisher={National 
    Institute of Standards and Technology, Information Technology 
    Laboratory}, 
  author={Mell, Peter and Grance, Timothy}, 
  year={2011}, 
  pages={7}
}

@inproceedings{actors:haller07,
  author = {Haller, Philipp and Odersky, Martin},
  title = {{Actors that unify threads and events}},
  booktitle = {{Proceedings of the 9th international conference on 
    Coordination models and languages}},
  series = {COORDINATION'07},
  year = {2007},
  isbn = {978-3-540-72793-4},
  location = {Paphos, Cyprus},
  pages = {171--190},
  numpages = {20},
  url = {http://dl.acm.org/citation.cfm?id=1764606.1764620},
  acmid = {1764620},
  publisher = {Springer-Verlag},
  address = {Berlin, Heidelberg},
} 

@ARTICLE{reservoir:rochweger09, 
  author={Rochwerger, B. and Breitgand, D. and Levy, E. and Galis, A. and 
    Nagin, K. and Llorente, I. M. and Montero, R. and Wolfsthal, Y. and 
    Elmroth, E. and Caceres, J. and Ben-Yehuda, M. and Emmerich, W. and 
    Galan, F.}, 
  journal={IBM Journal of Research and Development}, 
  title={{The Reservoir model and architecture for open federated cloud 
    computing}}, 
  year={2009}, 
  month={july }, 
  volume={53}, 
  number={4}, 
  pages={4:1 -4:11}, 
  keywords={}, 
  doi={10.1147/JRD.2009.5429058}, 
  ISSN={0018-8646}
}

@book{unified:booch05,
  author = {Booch, Grady and Rumbaugh, James and Jacobson, Ivar},
  title = {{Unified Modeling Language User Guide, The (2nd
    Edition) (Addison-Wesley Object Technology Series)}},
  year = {2005},
  isbn = {0321267974},
  publisher = {Addison-Wesley Professional}
}

@ARTICLE{virtual:sotomayor09,
  author={Sotomayor, B. and Montero, R.S. and Llorente, I.M. and Foster, 
    I.}, 
  journal={Internet Computing, IEEE}, 
  title={{Virtual Infrastructure Management in Private and Hybrid Clouds}}, 
  year={2009}, 
  month={sept.-oct. }, 
  volume={13}, 
  number={5}, 
  pages={14 -22}, 
  keywords={Haizea;OpenNebula;data center management software;hybrid 
    clouds;infrastructure-as-a-service system;open source virtual 
    infrastructure manager;private clouds;resource lease 
    manager;scheduling;virtual infrastructure management;virtual 
    machines;computer centres;public domain software;scheduling;virtual 
    machines;}, 
  doi={10.1109/MIC.2009.119}, 
  ISSN={1089-7801}
}

@inproceedings{model-driven:france07,
  author = {France, Robert and Rumpe, Bernhard},
  title = {{Model-driven Development of Complex Software: A Research Roadmap}},
  booktitle = {{2007 Future of Software Engineering}},
  series = {FOSE '07},
  year = {2007},
  isbn = {0-7695-2829-5},
  pages = {37--54},
  numpages = {18},
  url = {http://dx.doi.org/10.1109/FOSE.2007.14},
  doi = {http://dx.doi.org/10.1109/FOSE.2007.14},
  acmid = {1254709},
  publisher = {IEEE Computer Society},
  address = {Washington, DC, USA},
}

@INPROCEEDINGS{rest:fielding00, 
    author={Fielding, R.T. and Taylor, R.N.}, 
    booktitle={{Software Engineering, 2000. Proceedings of the 2000 
    International Conference on}}, 
    title={{Principled design of the modern Web architecture}}, 
    year={2000}, 
    month={}, 
    volume={}, 
    number={}, 
    pages={407 -416}, 
    keywords={Hypertext Transfer Protocol;Internet;Representational State 
    Transfer;Uniform Resource Identifiers;World Wide Web;component 
    interactions;distributed hypermedia system;legacy 
    systems;scalability;security;software architecture;software 
    engineering;Internet;hypermedia;information resources;software 
    architecture;transport protocols;}, 
    doi={10.1109/ICSE.2000.870431}, 
    ISSN={}
}

@INPROCEEDINGS{agile:cuong10,
    author={Viet Cuong Nguyen and Qafmolla, X.},
    booktitle={{Information and Computing (ICIC), 2010 Third International Conference on}},
    title={{Agile Development of Platform Independent Model in Model Driven Architecture}},
    year={2010},month={june},
    volume={2},number={},pages={344-347},keywords={Object Constraint Language;Unified Modeling Language;agile development;business
        requirements;enterprise applications;high-level abstraction;model driven architecture;model driven
            engineering;platform independent model;Unified Modeling Language;software architecture;},
    doi={10.1109/ICIC.2010.180},
    ISSN={}}


@incollection {introduction:wozniak10, 
   author = {Stanoevska-Slabeva, Katarina and Wozniak, Thomas},
   affiliation = {University of St. Gallen Institut for Media and Communications Management( =mcminstitute) Blumenbergplatz 9 CH-9000 St. Gallen Switzerland},
   title = {{Cloud Basics - An Introduction to Cloud Computing}},
   booktitle = {{Grid and Cloud Computing}},
   editor = {Stanoevska-Slabeva, Katarina and Wozniak, Thomas and Ristol, Santi},
   publisher = {Springer Berlin Heidelberg},
   isbn = {978-3-642-05193-7},
   keyword = {Business and Economics},
   pages = {47-61},
   url = {http://dx.doi.org/10.1007/978-3-642-05193-7_4},
   year = {2010}
}

@incollection {architecturing:petcu11,
   author = {Petcu, Dana and Cr\u{a}ciun, Ciprian and Neagul, Marian and Panica, Silviu and Di Martino, Beniamino and Venticinque, Salvatore and Rak, Massimiliano and Aversa, Rocco},
   affiliation = {Institute e-Austria Timisoara, Romania},
   title = {{Architecturing a Sky Computing Platform}},
   booktitle = {{Towards a Service-Based Internet. ServiceWave 2010 Workshops}},
   series = {Lecture Notes in Computer Science},
   editor = {Cezon, Michel and Wolfsthal, Yaron},
   publisher = {Springer Berlin / Heidelberg},
   isbn = {978-3-642-22759-2},
   keyword = {Computer Science},
   pages = {1-13},
   volume = {6569},
   year = {2011}
}

@inproceedings{architecture:konstantinou09,
  author = {Konstantinou, Alexander V. and Eilam, Tamar and Kalantar, 
    Michael and Totok, Alexander A. and Arnold, William and Snible, Edward},
  title = {{An architecture for virtual solution composition and 
    deployment in infrastructure clouds}},
  booktitle = {{Proceedings of the 3rd international workshop on 
    Virtualization technologies in distributed computing}},
  series = {VTDC '09},
  year = {2009},
  isbn = {978-1-60558-580-2},
  location = {Barcelona, Spain},
  pages = {9--18},
  numpages = {10},
  url = {http://doi.acm.org/10.1145/1555336.1555339},
  doi = {http://doi.acm.org/10.1145/1555336.1555339},
  acmid = {1555339},
  publisher = {ACM},
  address = {New York, NY, USA},
  keywords = {cloud computing, model-driven deployment, virtualization},
} 

@article{portable:petcu12,
title = {{Portable Cloud applicationsFrom theory to practice}},
journal = "Future Generation Computer Systems",
volume = "",
year = "2012",
note = "",
issn = "0167-739X",
doi = "10.1016/j.future.2012.01.009",
url = "http://www.sciencedirect.com/science/article/pii/S0167739X12000210",
author = "Dana Petcu and Georgiana Macariu and Silviu Panica and Ciprian Cr\u{a}ciun",
keywords = "Cloud computing",
keywords = "Open-source API implementation",
keywords = "Application portability"
}


@incollection {introducing-cloud-services,
   author = {Redkar, Tejaswi and Redkar, Tejaswi},
   title = {{Introducing Cloud Services}},
   booktitle = {Windows Azure Platform},
   publisher = {Apress},
   isbn = {978-1-4302-2480-8},
   keyword = {Professional and Applied Computing},
   pages = {1-51},
   year = {2009}
}
@INPROCEEDINGS{model-driven:singh09, 
  author={Singh, Y. and Sood, M.}, 
  booktitle={{Advance Computing Conference, 2009. IACC 2009. IEEE International}}, 
  title={{Model Driven Architecture: A Perspective}}, 
  year={2009}, 
  month={march}, 
  volume={}, 
  number={}, 
  pages={1644 -1652}, 
  keywords={MOF;UML;model driven architecture;model driven development;software development;Unified Modeling Language;software architecture;}, 
  doi={10.1109/IADCC.2009.4809264}, 
  ISSN={}
}

@inproceedings{model-based:kurtev06,
  author = {Kurtev, Ivan and B\'{e}zivin, Jean and Jouault, Fr\'{e}d\'{e}ric and Valduriez, Patrick},
  title = {{Model-based DSL frameworks}},
  booktitle = {{Companion to the 21st ACM SIGPLAN symposium on Object-oriented programming systems, languages, and applications}},
  series = {OOPSLA '06},
  year = {2006},
  isbn = {1-59593-491-X},
  location = {Portland, Oregon, USA},
  pages = {602--616},
  numpages = {15},
  url = {http://doi.acm.org/10.1145/1176617.1176632},
  doi = {http://doi.acm.org/10.1145/1176617.1176632},
  acmid = {1176632},
  publisher = {ACM},
  address = {New York, NY, USA},
  keywords = {DSL engineering, MDA, model-driven engineering, tool-based approaches},
}

@ARTICLE{transforming-software:meservy05,
  author={Meservy, T.O. and Fenstermacher, K.D.}, 
  journal={Computer}, 
  title={{Transforming software development: an MDA road map}}, 
  year={2005}, 
  month={sept.}, 
  volume={38}, 
  number={9}, 
  pages={ 52 - 58}, 
  keywords={ MDA road map; Model Driven Architecture initiative; 
  abstraction level; formal specification; software development 
  transformation; formal specification; software architecture; software 
  development management;}, 
  doi={10.1109/MC.2005.316}, 
  ISSN={0018-9162}
}

@INPROCEEDINGS{simplifying:chieu10,
  author={Trieu Chieu and Karve, A. and Mohindra, A. and Segal, A.}, 
  booktitle={{Parallel Distributed Processing, Workshops and Phd Forum 
    (IPDPSW), 2010 IEEE International Symposium on}}, 
  title={{Simplifying solution deployment on a Cloud through composite 
    appliances}}, 
  year={2010}, 
  month={april}, 
  volume={}, 
  number={}, 
  pages={1 -5}, 
  keywords={IT cost management;cloud computing;cloud 
    infrastructure;composite appliance concept;solution deployment;DP 
    management;Internet;}, 
  doi={10.1109/IPDPSW.2010.5470721}, 
  ISSN={}
}

@INPROCEEDINGS{intercloud, 
author={Bernstein, D. and Ludvigson, E. and Sankar, K. and Diamond, S. and Morrow, M.}, 
booktitle={{Internet and Web Applications and Services, 2009. ICIW '09. Fourth International Conference on}, title={Blueprint for the Intercloud - Protocols and Formats for Cloud Computing Interoperability}},
year={2009},
month={may},
volume={},
number={},
pages={328 -336},
keywords={cloud computing interoperability;computational services;datacenters;hypervisor based virtualization;inter-cloud protocols;transparent interoperability;open systems;protocols;},
doi={10.1109/ICIW.2009.55},
ISSN={}}

@incollection {modeldriven:kent02,
   author = {Kent, Stuart},
   affiliation = {University of Kent Canterbury UK},
   title = {{Model Driven Engineering}},
   booktitle = {Integrated Formal Methods},
   series = {Lecture Notes in Computer Science},
   editor = {Butler, Michael and Petre, Luigia and Sere, Kaisa},
   publisher = {Springer Berlin / Heidelberg},
   isbn = {978-3-540-43703-1},
   keyword = {Computer Science},
   pages = {286-298},
   volume = {2335},
   year = {2002}
}

