@InProceedings{	brandtzaeg-parastoo-etal:2012,
  title =	 {{Towards a Domain-Specific Language to Deploy
                  Applications in the Clouds}},
  author =	 {Brandtz{\ae}g, Eirik and Parastoo, Mohagheghi and
                  Mosser, S{\'e}bastien},
  year =	 2012,
  booktitle =	 {Third International Conference on Cloud Computing,
                  GRIDs, and Virtualization (CLOUD COMPUTING'12)},
  series =	 {},
  address =	 {Nice, France},
  month =	 jul,
  days =	 {22-27 july},
  organization = {},
  publisher =	 {},
  pages =	 {1-6},
  lang =	 {english},
  isbn =	 {},
  url =		 {},
  sorte =	 {colin}
}



@article{DBLP:journals/dagstuhl-reports/AssmannBCF11,
  author    = {Uwe A{\ss}mann and
               Nelly Bencomo and
               Betty H. C. Cheng and 
               Robert B. France},
  title     = {Models@run.time (Dagstuhl Seminar 11481)},
  journal   = {Dagstuhl Reports},
  volume    = {1},
  number    = {11},
  year      = {2011},
  pages     = {91-123},
  ee        = {http://dx.doi.org/10.4230/DagRep.1.11.91},
  bibsource = {DBLP, http://dblp.uni-trier.de}
}


@inproceedings{DBLP:conf/services/MohagheghiS11,
  author    = {Parastoo Mohagheghi and
               Thor S{\ae}ther},
  title     = {{Software Engineering Challenges for Migration to the Service
               Cloud Paradigm: Ongoing Work in the REMICS Project}},
  booktitle = {SERVICES},
  year      = {2011},
  pages     = {507-514},
  ee        = {http://doi.ieeecomputersociety.org/10.1109/SERVICES.2011.26},
  crossref  = {DBLP:conf/services/2011},
  bibsource = {DBLP, http://dblp.uni-trier.de}
}
@proceedings{DBLP:conf/services/2011,
  title     = {World Congress on Services, SERVICES 2011, Washington, DC,
               USA, July 4-9, 2011},
  booktitle = {SERVICES},
  publisher = {IEEE Computer Society},
  year      = {2011},
  isbn      = {978-1-4577-0879-4},
  ee        = {http://ieeexplore.ieee.org/xpl/mostRecentIssue.jsp?punumber=6011825},
  bibsource = {DBLP, http://dblp.uni-trier.de}
}

@inproceedings{Bezivin:2001:TPD:872023.872565,
 author = {B{\'e}zivin, Jean and Gerb{\'e}, Olivier},
 title = {{Towards a Precise Definition of the OMG/MDA Framework}},
 booktitle = {Proceedings of the 16th IEEE international conference on Automated software engineering},
 series = {ASE '01},
 year = {2001},
 pages = {273--},
 url = {http://dl.acm.org/citation.cfm?id=872023.872565},
 acmid = {872565},
 publisher = {IEEE Computer Society},
 address = {Washington, DC, USA},
} 